<record xsi:schemaLocation="http://www.loc.gov/MARC21/slim http://www.loc.gov/standards/marcxml/schema/MARC21slim.xsd" xmlns="http://www.loc.gov/MARC21/slim" xmlns:xsi="http://www.w3.org/2001/XMLSchema-instance">
  <leader>nam a22002651a 4500</leader>
  <controlfield tag="005">19880718000000.0</controlfield>
  <controlfield tag="008">880718s1980    enkagh   b    00110 eng d</controlfield>
  <controlfield tag="001">990003116350106381</controlfield>
  <datafield tag="035" ind1=" " ind2=" ">
    <subfield code="a">(MiU)000311635MIU01</subfield>
  </datafield>
  <datafield tag="010" ind1=" " ind2=" ">
    <subfield code="a">79056052</subfield>
</datafield>
<datafield tag="020" ind1=" " ind2=" ">
  <subfield code="a">0715378880</subfield>
  <subfield code="0">(uri) http://www.isbnsearch.org/isbn/0715378880</subfield>
</datafield>
<datafield tag="035" ind1=" " ind2=" ">
  <subfield code="a">(RLIN)MIUG83-B11939</subfield>
</datafield>
<datafield tag="035" ind1=" " ind2=" ">
  <subfield code="a">(CaOTULAS)160608021</subfield>
</datafield>
<datafield tag="035" ind1=" " ind2=" ">
  <subfield code="a">(OCoLC)ocm06961296</subfield>
  <subfield code="0">(uri) http://www.worldcat.org/oclc/06961296</subfield>
</datafield>
<datafield tag="040" ind1=" " ind2=" ">
  <subfield code="a">CSf</subfield>
  <subfield code="c">CSf</subfield>
  <subfield code="d">CU-A</subfield>
  <subfield code="d">IaU</subfield>
  <subfield code="d">MiU</subfield>
</datafield>
<datafield tag="100" ind1="1" ind2=" ">
  <subfield code="a">Palmer, Susann.</subfield>
  <subfield code="0">(uri) http://id.loc.gov/authorities/names/n78009222</subfield>
  <subfield code="0">(uri) http://viaf.org/viaf/sourceID/LC|n78009222</subfield>
</datafield>
<datafield tag="245" ind1="1" ind2="4">
  <subfield code="a">The hurdy-gurdy /</subfield>
  <subfield code="c">Susann Palmer, part-author Samuel Palmer ; with a foreword by Francis Baines.</subfield>
</datafield>
<datafield tag="260" ind1=" " ind2=" ">
  <subfield code="a">Newton Abbot, Devon ;</subfield>
  <subfield code="a">North Pomfret, Vt. :</subfield>
  <subfield code="b">David &amp; Charles,</subfield>
  <subfield code="c">c1980.</subfield>
</datafield>
<datafield tag="300" ind1=" " ind2=" ">
  <subfield code="a">256 p. :</subfield>
  <subfield code="b">ill., facsims, music ;</subfield>
  <subfield code="c">24 cm.</subfield>
</datafield>
<datafield tag="500" ind1=" " ind2=" ">
  <subfield code="a">Includes index.</subfield>
</datafield>
<datafield tag="504" ind1=" " ind2=" ">
  <subfield code="a">Bibliography: p. 245-248.</subfield>
</datafield>
<datafield tag="504" ind1=" " ind2=" ">
  <subfield code="a">Discography: p. 242-243.</subfield>
</datafield>
<datafield tag="650" ind1=" " ind2="0">
  <subfield code="a">Hurdy-gurdy.</subfield>
  <subfield code="0">(uri) http://id.loc.gov/authorities/subjects/sh85063168</subfield>
</datafield>
<datafield tag="700" ind1="1" ind2=" ">
  <subfield code="a">Palmer, Samuel.</subfield>
  <subfield code="0">(uri) http://id.loc.gov/authorities/names/n84093825</subfield>
  <subfield code="0">(uri) http://viaf.org/viaf/sourceID/LC|n84093825</subfield>
</datafield>
<datafield tag="998" ind1=" " ind2=" ">
  <subfield code="c">LMH</subfield>
  <subfield code="s">9114</subfield>
</datafield>
<datafield tag="958" ind1=" " ind2=" ">
  <subfield code="a">MiU</subfield>
</datafield>
<datafield tag="959" ind1=" " ind2=" ">
  <subfield code="a">(notis)ULABH8705</subfield>
</datafield>
<datafield tag="995" ind1=" " ind2=" ">
  <subfield code="a">20</subfield>
</datafield>
<datafield tag="BIB" ind1=" " ind2=" ">
  <subfield code="u">2022-11-05 04:03:06 US/Eastern</subfield>
  <subfield code="c">2021-06-21 04:36:54 US/Eastern</subfield>
  <subfield code="s">false</subfield>
</datafield>
<datafield tag="852" ind1="0" ind2=" ">
  <subfield code="b">MUSIC</subfield>
  <subfield code="a">MiU</subfield>
  <subfield code="c">MAIN</subfield>
    <subfield code="h">ML760 .P18</subfield>
    <subfield code="8">22744541740006381</subfield>
  </datafield>
  <datafield tag="974" ind1=" " ind2=" ">
    <subfield code="8">22744541740006381</subfield>
    <subfield code="f">1</subfield>
    <subfield code="c">MAIN</subfield>
    <subfield code="m">BOOK</subfield>
    <subfield code="a">39015009714562</subfield>
    <subfield code="e">MAIN</subfield>
    <subfield code="7">23744541730006381</subfield>
    <subfield code="p">01</subfield>
    <subfield code="r">1989-09-24 10:59:00</subfield>
    <subfield code="h">ML760 .P18</subfield>
    <subfield code="d">MUSIC</subfield>
    <subfield code="b">MUSIC</subfield>
  </datafield>
</record>
